
IEEEfull.bib
V1.12 (2007/01/11)
Copyright (c) 2002-2007 by Michael Shell
See: http://www.michaelshell.org/
for current contact information.

BibTeX bibliography string definitions of the FULL titles of
IEEE journals and magazines and online publications.

This file is designed for bibliography styles that require 
full-length titles and is not for use in bibliographies that
abbreviate titles.

Support sites:
http://www.michaelshell.org/tex/ieeetran/
http://www.ctan.org/tex-archive/macros/latex/contrib/IEEEtran/
and/or
http://www.ieee.org/

Special thanks to Laura Hyslop and ken Rawson of IEEE for their help
in obtaining the information needed to compile this file. Also,
Volker Kuhlmann and Moritz Borgmann kindly provided some corrections
and additions.

*************************************************************************
Legal Notice:
This code is offered as-is without any warranty either expressed or
implied; without even the implied warranty of MERCHANTABILITY or
FITNESS FOR A PARTICULAR PURPOSE! 
User assumes all risk.
In no event shall IEEE or any contributor to this code be liable for
any damages or losses, including, but not limited to, incidental,
consequential, or any other damages, resulting from the use or misuse
of any information contained here.

All comments are the opinions of their respective authors and are not
necessarily endorsed by the IEEE.

This work is distributed under the LaTeX Project Public License (LPPL)
( http://www.latex-project.org/ ) version 1.3, and may be freely used,
distributed and modified. A copy of the LPPL, version 1.3, is included
in the base LaTeX documentation of all distributions of LaTeX released
2003/12/01 or later.
Retain all contribution notices and credits.
** Modified files should be clearly indicated as such, including  **
** renaming them and changing author support contact information. **

File list of work: IEEEabrv.bib, IEEEfull.bib, IEEEexample.bib,
IEEEtran.bst, IEEEtranS.bst, IEEEtranSA.bst,
IEEEtranN.bst, IEEEtranSN.bst, IEEEtran_bst_HOWTO.pdf
*************************************************************************


USAGE:

\bibliographystyle{mybstfile}
\bibliography{IEEEfull,mybibfile}

where the IEEE titles in the .bib database entries use the strings
defined here. e.g.,


journal = IEEE_J_AC,


to yield "{IEEE} Transactions on Automatic Control"


WARNING: IEEE uses abbreviated journal titles in their bibliographies!
Because this file provides the full titles, you should NOT use this file
for work that is to be submitted to the IEEE.

For IEEE work, you should use the abbreviated titles provided in the
companion file, IEEEabrv.bib.


** NOTES **

1. Journals have been grouped according to subject in order to make it
easier to locate and extract the definitions for related journals - 
as most works use references that are confined to a single topic.
Magazines are listed in straight alphabetical order.

2. String names are closely based on IEEE's own internal acronyms.

3. Older, out-of-print IEEE titles are included (but not including titles
dating prior to IEEE's formation from the IRE and AIEE in 1963).

@misc{mccartney1976optics,
	title={Optics of the atmosphere: scattering by molecules and particles},
	author={McCartney, EJ},
	year={1976},
	publisher={John Wiley and Sons}
}

@article{narasimhan2002vision,
	title={Vision and the atmosphere},
	author={Narasimhan, Srinivasa G and Nayar, Shree K},
	journal={International Journal of Computer Vision},
	volume={48},
	pages={233--254},
	year={2002},
	publisher={Springer}
}

@article{land1971lightness,
	title={Lightness and retinex theory},
	author={Land, Edwin H and McCann, John J},
	journal={Josa},
	volume={61},
	number={1},
	pages={1--11},
	year={1971},
	publisher={Optica Publishing Group}
}

@article{he2010single,
	title={Single image haze removal using dark channel prior},
	author={He, Kaiming and Sun, Jian and Tang, Xiaoou},
	journal={IEEE transactions on Pattern Analysis and Machine Intelligence},
	volume={33},
	number={12},
	pages={2341--2353},
	year={2010},
	publisher={IEEE}
}

@article{cai2016dehazenet,
	title={Dehazenet: An end-to-end system for single image haze removal},
	author={Cai, Bolun and Xu, Xiangmin and Jia, Kui and Qing, Chunmei and Tao, Dacheng},
	journal={IEEE transactions on Image Processing},
	volume={25},
	number={11},
	pages={5187--5198},
	year={2016},
	publisher={IEEE}
}

@inproceedings{li2017aod,
	title={Aod-net: All-in-one dehazing network},
	author={Li, Boyi and Peng, Xiulian and Wang, Zhangyang and Xu, Jizheng and Feng, Dan},
	booktitle={Proceedings of the IEEE International Conference on Computer Vision},
	pages={4770--4778},
	year={2017}
}

@inproceedings{chen2019gated,
	title={Gated context aggregation network for image dehazing and deraining},
	author={Chen, Dongdong and He, Mingming and Fan, Qingnan and Liao, Jing and Zhang, Liheng and Hou, Dongdong and Yuan, Lu and Hua, Gang},
	booktitle={2019 IEEE Winter Conference on Applications of Computer Vision},
	pages={1375--1383},
	year={2019},
	organization={IEEE}
}

@inproceedings{liu2019griddehazenet,
	title={Griddehazenet: Attention-based multi-scale network for image dehazing},
	author={Liu, Xiaohong and Ma, Yongrui and Shi, Zhihao and Chen, Jun},
	booktitle={Proceedings of the IEEE International Conference on Computer Vision},
	pages={7314--7323},
	year={2019}
}

@inproceedings{qin2020ffa,
	title={FFA-Net: Feature fusion attention network for single image dehazing},
	author={Qin, Xu and Wang, Zhilin and Bai, Yuanchao and Xie, Xiaodong and Jia, Huizhu},
	booktitle={Proceedings of the AAAI conference on Artificial Intelligence},
	volume={34},
	number={07},
	pages={11908--11915},
	year={2020}
}

@article{yin2023multiscale,
	title={Multiscale depth fusion with contextual hybrid enhancement network for image dehazing},
	author={Yin, Xuehui and Tu, Ge and Chen, Qiaoyu},
	journal={IEEE Transactions on Instrumentation and Measurement},
	year={2023},
	publisher={IEEE}
}

@inproceedings{guo2023scanet,
	title={SCANet: Self-paced semi-curricular attention network for non-homogeneous image dehazing},
	author={Guo, Yu and Gao, Yuan and Liu, Wen and Lu, Yuxu and Qu, Jingxiang and He, Shengfeng and Ren, Wenqi},
	booktitle={Proceedings of the IEEE/CVF Conference on Computer Vision and Pattern Recognition},
	pages={1884--1893},
	year={2023}
}

@inproceedings{guo2022image,
	title={Image dehazing transformer with transmission-aware 3d position embedding},
	author={Guo, Chun-Le and Yan, Qixin and Anwar, Saeed and Cong, Runmin and Ren, Wenqi and Li, Chongyi},
	booktitle={Proceedings of the IEEE/CVF Conference on Computer Vision and Pattern Recognition},
	pages={5812--5820},
	year={2022}
}

@article{song2023vision,
	title={Vision transformers for single image dehazing},
	author={Song, Yuda and He, Zhuqing and Qian, Hui and Du, Xin},
	journal={IEEE Transactions on Image Processing},
	volume={32},
	pages={1927--1941},
	year={2023},
	publisher={IEEE}
}

@inproceedings{yu2021two,
	title={A two-branch neural network for non-homogeneous dehazing via ensemble learning},
	author={Yu, Yankun and Liu, Huan and Fu, Minghan and Chen, Jun and Wang, Xiyao and Wang, Keyan},
	booktitle={Proceedings of the IEEE/CVF Conference on Computer Vision and Pattern Recognition},
	pages={193--202},
	year={2021}
}

@inproceedings{jin2022structure,
	title={Structure representation network and uncertainty feedback learning for dense non-uniform fog removal},
	author={Jin, Yeying and Yan, Wending and Yang, Wenhan and Tan, Robby T},
	booktitle={Asian Conference on Computer Vision},
	pages={155--172},
	year={2022},
	organization={Springer}
}

@inproceedings{liu2023data,
	title={A data-centric solution to nonhomogeneous dehazing via vision transformer},
	author={Liu, Yangyi and Liu, Huan and Li, Liangyan and Wu, Zijun and Chen, Jun},
	booktitle={Proceedings of the IEEE/CVF Conference on Computer Vision and Pattern Recognition},
	pages={1406--1415},
	year={2023}
}


@article{kingma2013auto,
	title={Auto-encoding variational bayes},
	author={Kingma, Diederik P and Welling, Max},
	journal={arXiv preprint arXiv:1312.6114},
	year={2013}
}

@article{van2017neural,
	title={Neural discrete representation learning},
	author={Van Den Oord, Aaron and Vinyals, Oriol and others},
	journal={Advances in neural information processing systems},
	volume={30},
	year={2017}
}

@inproceedings{esser2021taming,
	title={Taming transformers for high-resolution image synthesis},
	author={Esser, Patrick and Rombach, Robin and Ommer, Bjorn},
	booktitle={Proceedings of the IEEE/CVF Conference on Computer Vision and Pattern Recognition},
	pages={12873--12883},
	year={2021}
}

@inproceedings{wu2023ridcp,
	title={Ridcp: Revitalizing real image dehazing via high-quality codebook priors},
	author={Wu, Rui-Qi and Duan, Zheng-Peng and Guo, Chun-Le and Chai, Zhi and Li, Chongyi},
	booktitle={Proceedings of the IEEE/CVF Conference on Computer Vision and Pattern Recognition},
	pages={22282--22291},
	year={2023}
}

@inproceedings{zhang2018image,
	title={Image super-resolution using very deep residual channel attention networks},
	author={Zhang, Yulun and Li, Kunpeng and Li, Kai and Wang, Lichen and Zhong, Bineng and Fu, Yun},
	booktitle={Proceedings of the European Conference on Computer Vision},
	pages={286--301},
	year={2018}
}

@inproceedings{deng2009imagenet,
	title={ImageNet: A Large-Scale Hierarchical Image Database},
	author={Deng, Jia and Dong, Wei and Socher, Richard and Li, Li-Jia and Li, Kai and Fei-Fei, Li},
	booktitle={Proceedings of the IEEE/CVF Conference on Computer Vision and Pattern Recognition},
	pages={248--255},
	year={2009},
	organization={Ieee}
}

@inproceedings{zhu2017unpaired,
	title={Unpaired Image-to-Image Translation using Cycle-Consistent Adversarial Networks},
	author={Zhu, Jun-Yan and Park, Taesung and Isola, Phillip and Efros, Alexei A},
	booktitle={Proceedings of the IEEE International Conference on Computer Vision},
	pages={2223--2232},
	year={2017}
}

@inproceedings{ancuti2018ihaze,
	title={I-HAZE: A Dehazing Benchmark with Real Hazy and Haze-Free Indoor Images},
	author={Ancuti, Cosmin and Ancuti, Codruta O and Timofte, Radu and De Vleeschouwer, Christophe},
	booktitle={Advanced Concepts for Intelligent Vision Systems},
	pages={620--631},
	year={2018},
	organization={Springer}
}

@inproceedings{ancuti2018ohaze,
	title={O-haze: A Dehazing Benchmark with Real Hazy and Haze-Free Outdoor Images},
	author={Ancuti, Codruta O and Ancuti, Cosmin and Timofte, Radu and De Vleeschouwer, Christophe},
	booktitle={Proceedings of the IEEE Conference on Computer Vision and Pattern Recognition Workshops},
	pages={754--762},
	year={2018}
}

@inproceedings{ancuti2020ntire,
	title={Ntire 2020 Challenge on Nonhomogeneous Dehazing},
	author={Ancuti, Codruta O and Ancuti, Cosmin and Vasluianu, Florin-Alexandru and Timofte, Radu},
	booktitle={Proceedings of the IEEE Conference on Computer Vision and Pattern Recognition Workshops},
	pages={490--491},
	year={2020}
}

@inproceedings{ancuti2021ntire,
	author={Ancuti, Codruta O and Ancuti, Cosmin and Vasluianu, Florin-Alexandru and Timofte, Radu},
	title={NTIRE 2021 Nonhomogeneous Dehazing Challenge Report},
	booktitle={Proceedings of the IEEE/CVF Conference on Computer Vision and Pattern Recognition},
	pages={627--646},
	year={2021}
}

@INPROCEEDINGS{ancuti2023ntire,
	author={Ancuti, Codruta O. and Ancuti, Cosmin and Vasluianu, Florin-Alexandru and Timofte},
	booktitle={Proceedings of the IEEE Conference on Computer Vision and Pattern Recognition Workshops}, 
	title={NTIRE 2023 HR NonHomogeneous Dehazing Challenge Report}, 
	year={2023},
	volume={},
	number={},
	pages={1808-1825},
	keywords={Computer vision;Image resolution;Correlation;Conferences;Computer architecture;Pattern recognition;Testing},
	doi={10.1109/CVPRW59228.2023.00180}}


@inproceedings{johnson2016perceptual,
	title={Perceptual Losses for Real-Time Style Transfer and Super-Resolution},
	author={Johnson, Justin and Alahi, Alexandre and Fei-Fei, Li},
	booktitle={Proceedings of the European Conference on Computer Vision},
	pages={694--711},
	year={2016},
	organization={Springer}
}

@article{simonyan2014very,
	title={Very Deep Convolutional Networks for Large-Scale Image Recognition},
	author={Simonyan, Karen and Zisserman, Andrew},
	journal={arXiv preprint arXiv:1409.1556},
	year={2014}
}

@inproceedings{chen2022real,
	title={Real-World Blind Super-Resolution via Feature Matching with Implicit High-Resolution Priors},
	author={Chen, Chaofeng and Shi, Xinyu and Qin, Yipeng and Li, Xiaoming and Han, Xiaoguang and Yang, Tao and Guo, Shihui},
	booktitle={Proceedings of the 30th ACM International Conference on Multimedia},
	pages={1329--1338},
	year={2022}
}

@article{simonyan2014very,
	title={Very Deep Convolutional Networks for Large-Scale Image Recognition},
	author={Simonyan, Karen and Zisserman, Andrew},
	journal={arXiv preprint arXiv:1409.1556},
	year={2014}
}

@inproceedings{gondal2019unreasonable,
	title={The Unreasonable Effectiveness of Texture Transfer for Single Image Super-Resolution},
	author={Gondal, Muhammad Waleed and Sch{\"o}lkopf, Bernhard and Hirsch, Michael},
	booktitle={Proceedings of the European Conference on Computer Vision},
	pages={80--97},
	year={2019},
	organization={Springer}
}

@inproceedings{dosovitskiy2020image,
	title={An Image is Worth 16x16 Words: Transformers for Image Recognition at Scale},
	author={Dosovitskiy, Alexey and Beyer, Lucas and Kolesnikov, Alexander and Weissenborn, Dirk and Zhai, Xiaohua and Unterthiner, Thomas and Dehghani, Mostafa and Minderer, Matthias and Heigold, Georg and Gelly, Sylvain and others},
	booktitle={International Conference on Learning Representations},
	year={2020}
}

@inproceedings{ronneberger2015u,
	title={U-net: Convolutional Networks for Biomedical Image Segmentation},
	author={Ronneberger, Olaf and Fischer, Philipp and Brox, Thomas},
	booktitle={Medical Image Computing and Computer-Assisted Intervention},
	pages={234--241},
	year={2015},
	organization={Springer}
}

@inproceedings{hassani2023neighborhood,
	title={Neighborhood Attention Transformer},
	author={Hassani, Ali and Walton, Steven and Li, Jiachen and Li, Shen and Shi, Humphrey},
	booktitle={Proceedings of the IEEE/CVF Conference on Computer Vision and Pattern Recognition},
	pages={6185--6194},
	year={2023}
}

@article{hassani2022dilated,
	title={Dilated Neighborhood Attention Transformer},
	author={Hassani, Ali and Shi, Humphrey},
	journal={arXiv preprint arXiv:2209.15001},
	year={2022}
}

@article{vaswani2017attention,
	title={Attention is All You Need},
	author={Vaswani, Ashish and Shazeer, Noam and Parmar, Niki and Uszkoreit, Jakob and Jones, Llion and Gomez, Aidan N and Kaiser, {\L}ukasz and Polosukhin, Illia},
	journal={Advances in Neural Information Processing Systems},
	volume={30},
	year={2017}
}

@inproceedings{liu2021swin,
	title={Swin Transformer: Hierarchical Vision Transformer using Shifted Windows},
	author={Liu, Ze and Lin, Yutong and Cao, Yue and Hu, Han and Wei, Yixuan and Zhang, Zheng and Lin, Stephen and Guo, Baining},
	booktitle={Proceedings of the IEEE International Conference on Computer Vision},
	pages={10012--10022},
	year={2021}
}

@inproceedings{liang2021swinir,
	title={SwinIR: Image Restoration using Swin Transformer},
	author={Liang, Jingyun and Cao, Jiezhang and Sun, Guolei and Zhang, Kai and Van Gool, Luc and Timofte, Radu},
	booktitle={Proceedings of the IEEE International Conference on Computer Vision},
	pages={1833--1844},
	year={2021}
}


@article{wang2004image,
	title={Image Quality Assessment: from Error Visibility to Structural Similarity},
	author={Wang, Zhou and Bovik, Alan C and Sheikh, Hamid R and Simoncelli, Eero P},
	journal={IEEE transactions on Image Processing},
	volume={13},
	number={4},
	pages={600--612},
	year={2004},
	publisher={IEEE}
}

@inproceedings{zhang2018unreasonable,
	title={The Unreasonable Effectiveness of Deep Features as a Perceptual Metric},
	author={Zhang, Richard and Isola, Phillip and Efros, Alexei A and Shechtman, Eli and Wang, Oliver},
	booktitle={Proceedings of the IEEE/CVF Conference on Computer Vision and Pattern Recognition},
	pages={586--595},
	year={2018}
}

@article{mittal2012no,
	title={No-reference Image Quality Assessment in the Spatial Domain},
	author={Mittal, Anish and Moorthy, Anush Krishna and Bovik, Alan Conrad},
	journal={IEEE Transactions on Image Processing},
	volume={21},
	number={12},
	pages={4695--4708},
	year={2012},
	publisher={IEEE}
}

@article{kingma2014adam,
	title={Adam: A method for Stochastic Optimization},
	author={Kingma, Diederik P},
	journal={arXiv preprint arXiv:1412.6980},
	year={2014}
}


@inproceedings{qu2019enhanced,
	title={Enhanced Pix2Pix Dehazing Network},
	author={Qu, Yanyun and Chen, Yizi and Huang, Jingying and Xie, Yuan},
	booktitle={Proceedings of the IEEE/CVF Conference on Computer Vision and Pattern Recognition},
	pages={8160--8168},
	year={2019}
}

@article{cui2024revitalizing,
	title={Revitalizing convolutional network for image restoration},
	author={Cui, Yuning and Ren, Wenqi and Cao, Xiaochun and Knoll, Alois},
	journal={IEEE Transactions on Pattern Analysis and Machine Intelligence},
	year={2024},
	publisher={IEEE}
}
IEEE Journals 


aerospace and military
@STRING{IEEE_J_AES        = "{IEEE} Transactions on Aerospace and Electronic Systems"}
@STRING{IEEE_J_ANE        = "{IEEE} Transactions on Aerospace and Navigational Electronics"}
@STRING{IEEE_J_ANNE       = "{IEEE} Transactions on Aeronautical and Navigational Electronics"}
@STRING{IEEE_J_AS         = "{IEEE} Transactions on Aerospace"}
@STRING{IEEE_J_AIRE       = "{IEEE} Transactions on Airborne Electronics"}
@STRING{IEEE_J_MIL        = "{IEEE} Transactions on Military Electronics"}



autos, transportation and vehicles (non-aerospace)
@STRING{IEEE_J_ITS        = "{IEEE} Transactions on Intelligent Transportation Systems"}
@STRING{IEEE_J_VT         = "{IEEE} Transactions on Vehicular Technology"}
@STRING{IEEE_J_VC         = "{IEEE} Transactions on Vehicular Communications"}



circuits, signals, systems, audio and controls
@STRING{IEEE_J_SPL        = "{IEEE} Signal Processing Letters"}
@STRING{IEEE_J_ASSP       = "{IEEE} Transactions on Acoustics, Speech, and Signal Processing"}
@STRING{IEEE_J_AU         = "{IEEE} Transactions on Audio"}
@STRING{IEEE_J_AUEA       = "{IEEE} Transactions on Audio and Electroacoustics"}
@STRING{IEEE_J_AC         = "{IEEE} Transactions on Automatic Control"}
@STRING{IEEE_J_CAS        = "{IEEE} Transactions on Circuits and Systems"}
@STRING{IEEE_J_CASVT      = "{IEEE} Transactions on Circuits and Systems for Video Technology"}
@STRING{IEEE_J_CASI       = "{IEEE} Transactions on Circuits and Systems---Part {I}: Fundamental Theory and Applications"}
@STRING{IEEE_J_CASII      = "{IEEE} Transactions on Circuits and Systems---Part {II}: Analog and Digital Signal Processing"}
in 2004 CASI and CASII renamed part title to CASI_RP and CASII_EB, respectively.
@STRING{IEEE_J_CASI_RP    = "{IEEE} Transactions on Circuits and Systems---Part {I}: Regular Papers"}
@STRING{IEEE_J_CASII_EB   = "{IEEE} Transactions on Circuits and Systems---Part {II}: Express Briefs"}
@STRING{IEEE_J_CT         = "{IEEE} Transactions on Circuit Theory"}
@STRING{IEEE_J_CST        = "{IEEE} Transactions on Control Systems Technology"}
@STRING{IEEE_J_SP         = "{IEEE} Transactions on Signal Processing"}
@STRING{IEEE_J_SU         = "{IEEE} Transactions on Sonics and Ultrasonics"}
@STRING{IEEE_J_SAP        = "{IEEE} Transactions on Speech and Audio Processing"}
@STRING{IEEE_J_UE         = "{IEEE} Transactions on Ultrasonics Engineering"}
@STRING{IEEE_J_UFFC       = "{IEEE} Transactions on Ultrasonics, Ferroelectrics, and Frequency Control"}



communications
@STRING{IEEE_J_COML       = "{IEEE} Communications Letters"}
@STRING{IEEE_J_JSAC       = "{IEEE} Journal on Selected Areas in Communications"}
@STRING{IEEE_J_COM        = "{IEEE} Transactions on Communications"}
@STRING{IEEE_J_COMT       = "{IEEE} Transactions on Communication Technology"}
@STRING{IEEE_J_WCOM       = "{IEEE} Transactions on Wireless Communications"}



components, packaging and manufacturing
@STRING{IEEE_J_ADVP       = "{IEEE} Transactions on Advanced Packaging"}
@STRING{IEEE_J_CHMT       = "{IEEE} Transactions on Components, Hybrids and Manufacturing Technology"}
@STRING{IEEE_J_CPMTA      = "{IEEE} Transactions on Components, Packaging and Manufacturing Technology---Part {A}"}
@STRING{IEEE_J_CPMTB      = "{IEEE} Transactions on Components, Packaging and Manufacturing Technology---Part {B}: Advanced Packaging"}
@STRING{IEEE_J_CPMTC      = "{IEEE} Transactions on Components, Packaging and Manufacturing Technology---Part {C}: Manufacturing"}
@STRING{IEEE_J_CAPT       = "{IEEE} Transactions on Components and Packaging Technology"}
@STRING{IEEE_J_CAPTS      = "{IEEE} Transactions on Components and Packaging Technologies"}
@STRING{IEEE_J_CPART      = "{IEEE} Transactions on Component Parts"}
@STRING{IEEE_J_EPM        = "{IEEE} Transactions on Electronics Packaging Manufacturing"}
@STRING{IEEE_J_MFT        = "{IEEE} Transactions on Manufacturing Technology"}
@STRING{IEEE_J_PHP        = "{IEEE} Transactions on Parts, Hybrids and Packaging"}
@STRING{IEEE_J_PMP        = "{IEEE} Transactions on Parts, Materials and Packaging"}



CAD
@STRING{IEEE_J_TCAD       = "{IEEE} Journal on Technology in Computer Aided Design"}
@STRING{IEEE_J_CAD        = "{IEEE} Transactions on Computer-Aided Design of Integrated Circuits and Systems"}



coding, data, information, knowledge
@STRING{IEEE_J_IT         = "{IEEE} Transactions on Information Theory"}
@STRING{IEEE_J_KDE        = "{IEEE} Transactions on Knowledge and Data Engineering"}



computers, computation, networking and software
@STRING{IEEE_J_C          = "{IEEE} Transactions on Computers"}
@STRING{IEEE_J_CAL        = "{IEEE} Computer Architecture Letters"}
@STRING{IEEE_J_DSC        = "{IEEE} Transactions on Dependable and Secure Computing"}
@STRING{IEEE_J_ECOMP      = "{IEEE} Transactions on Electronic Computers"}
@STRING{IEEE_J_EVC        = "{IEEE} Transactions on Evolutionary Computation"}
@STRING{IEEE_J_FUZZ       = "{IEEE} Transactions on Fuzzy Systems"}
@STRING{IEEE_J_IFS        = "{IEEE} Transactions on Information Forensics and Security"}
@STRING{IEEE_J_MC         = "{IEEE} Transactions on Mobile Computing"}
@STRING{IEEE_J_NET        = "{IEEE/ACM} Transactions on Networking"}
@STRING{IEEE_J_NN         = "{IEEE} Transactions on Neural Networks"}
@STRING{IEEE_J_PDS        = "{IEEE} Transactions on Parallel and Distributed Systems"}
@STRING{IEEE_J_SE         = "{IEEE} Transactions on Software Engineering"}



computer graphics, imaging, and multimedia
@STRING{IEEE_J_JDT        = "{IEEE/OSA} Journal of Display Technology"}
@STRING{IEEE_J_IP         = "{IEEE} Transactions on Image Processing"}
@STRING{IEEE_J_MM         = "{IEEE} Transactions on Multimedia"}
@STRING{IEEE_J_VCG        = "{IEEE} Transactions on Visualization and Computer Graphics"}



cybernetics, ergonomics, robots, man-machine, and automation
@STRING{IEEE_J_ASE        = "{IEEE} Transactions on Automation Science and Engineering"}
@STRING{IEEE_J_JRA        = "{IEEE} Journal of Robotics and Automation"}
@STRING{IEEE_J_HFE        = "{IEEE} Transactions on Human Factors in Electronics"}
@STRING{IEEE_J_MMS        = "{IEEE} Transactions on Man-Machine Systems"}
@STRING{IEEE_J_PAMI       = "{IEEE} Transactions on Pattern Analysis and Machine Intelligence"}
in 1989 JRA became RA
in August 2004, RA split into ASE and RO
@STRING{IEEE_J_RA         = "{IEEE} Transactions on Robotics and Automation"}
@STRING{IEEE_J_RO         = "{IEEE} Transactions on Robotics"}
@STRING{IEEE_J_SMC        = "{IEEE} Transactions on Systems, Man, and Cybernetics"}
@STRING{IEEE_J_SMCA       = "{IEEE} Transactions on Systems, Man, and Cybernetics---Part {A}: Systems and Humans"}
@STRING{IEEE_J_SMCB       = "{IEEE} Transactions on Systems, Man, and Cybernetics---Part {B}: Cybernetics"}
@STRING{IEEE_J_SMCC       = "{IEEE} Transactions on Systems, Man, and Cybernetics---Part {C}: Applications and Reviews"}
@STRING{IEEE_J_SSC        = "{IEEE} Transactions on Systems Science and Cybernetics"}



earth, wind, fire and water
@STRING{IEEE_J_GE         = "{IEEE} Transactions on Geoscience Electronics"}
@STRING{IEEE_J_GRS        = "{IEEE} Transactions on Geoscience and Remote Sensing"}
@STRING{IEEE_J_GRSL       = "{IEEE} Geoscience and Remote Sensing Letters"}
@STRING{IEEE_J_OE         = "{IEEE} Journal of Oceanic Engineering"}



education, engineering, history, IEEE, professional
@STRING{IEEE_J_CJECE      = "Canadian Journal of Electrical and Computer Engineering"}
@STRING{IEEE_J_PROC       = "Proceedings of the {IEEE}"}
@STRING{IEEE_J_EDU        = "{IEEE} Transactions on Education"}
@STRING{IEEE_J_EM         = "{IEEE} Transactions on Engineering Management"}
@STRING{IEEE_J_EWS        = "{IEEE} Transactions on Engineering Writing and Speech"}
@STRING{IEEE_J_PC         = "{IEEE} Transactions on Professional Communication"}



electromagnetics, antennas, EMI, magnetics and microwave
@STRING{IEEE_J_AWPL       = "{IEEE} Antennas and Wireless Propagation Letters"}
@STRING{IEEE_J_MGWL       = "{IEEE} Microwave and Guided Wave Letters"}
@STRING{IEEE_J_MWCL       = "{IEEE} Microwave and Wireless Components Letters"}
@STRING{IEEE_J_AP         = "{IEEE} Transactions on Antennas and Propagation"}
@STRING{IEEE_J_EMC        = "{IEEE} Transactions on Electromagnetic Compatibility"}
@STRING{IEEE_J_MAG        = "{IEEE} Transactions on Magnetics"}
@STRING{IEEE_J_MTT        = "{IEEE} Transactions on Microwave Theory and Techniques"}
@STRING{IEEE_J_RFI        = "{IEEE} Transactions on Radio Frequency Interference"}
@STRING{IEEE_J_TJMJ       = "{IEEE} Translation Journal on Magnetics in Japan"}



energy and power
@STRING{IEEE_J_EC         = "{IEEE} Transactions on Energy Conversion"}
@STRING{IEEE_J_PEL        = "{IEEE} Power Electronics Letters"}
@STRING{IEEE_J_PWRAS      = "{IEEE} Transactions on Power Apparatus and Systems"}
@STRING{IEEE_J_PWRD       = "{IEEE} Transactions on Power Delivery"}
@STRING{IEEE_J_PWRE       = "{IEEE} Transactions on Power Electronics"}
@STRING{IEEE_J_PWRS       = "{IEEE} Transactions on Power Systems"}



industrial, commercial and consumer
@STRING{IEEE_J_APPIND     = "{IEEE} Transactions on Applications and Industry"}
@STRING{IEEE_J_BC         = "{IEEE} Transactions on Broadcasting"}
@STRING{IEEE_J_BCTV       = "{IEEE} Transactions on Broadcast and Television Receivers"}
@STRING{IEEE_J_CE         = "{IEEE} Transactions on Consumer Electronics"}
@STRING{IEEE_J_IE         = "{IEEE} Transactions on Industrial Electronics"}
@STRING{IEEE_J_IECI       = "{IEEE} Transactions on Industrial Electronics and Control Instrumentation"}
@STRING{IEEE_J_IA         = "{IEEE} Transactions on Industry Applications"}
@STRING{IEEE_J_IGA        = "{IEEE} Transactions on Industry and General Applications"}
@STRING{IEEE_J_IINF       = "{IEEE} Transactions on Industrial Informatics"}
@STRING{IEEE_J_PSE        = "{IEEE} Journal of Product Safety Engineering"}



instrumentation and measurement
@STRING{IEEE_J_IM         = "{IEEE} Transactions on Instrumentation and Measurement"}



insulation and materials
@STRING{IEEE_J_JEM        = "{IEEE/TMS} Journal of Electronic Materials"}
@STRING{IEEE_J_DEI        = "{IEEE} Transactions on Dielectrics and Electrical Insulation"}
@STRING{IEEE_J_EI         = "{IEEE} Transactions on Electrical Insulation"}



mechanical
@STRING{IEEE_J_MECH       = "{IEEE/ASME} Transactions on Mechatronics"}
@STRING{IEEE_J_MEMS       = "{IEEE/ASME} Journal of Microelectromechanical Systems"}



medical and biological
@STRING{IEEE_J_BME        = "{IEEE} Transactions on Biomedical Engineering"}
Note: The B-ME journal later dropped the hyphen and became the BME.
@STRING{IEEE_J_B-ME       = "{IEEE} Transactions on Bio-Medical Engineering"}
@STRING{IEEE_J_BMELC      = "{IEEE} Transactions on Bio-Medical Electronics"}
@STRING{IEEE_J_CBB        = "{IEEE/ACM} Transactions on Computational Biology and Bioinformatics"}
@STRING{IEEE_J_ITBM       = "{IEEE} Transactions on Information Technology in Biomedicine"}
@STRING{IEEE_J_ME         = "{IEEE} Transactions on Medical Electronics"}
@STRING{IEEE_J_MI         = "{IEEE} Transactions on Medical Imaging"}
@STRING{IEEE_J_NB         = "{IEEE} Transactions on NanoBioscience"}
@STRING{IEEE_J_NSRE       = "{IEEE} Transactions on Neural Systems and Rehabilitation Engineering"}
@STRING{IEEE_J_RE         = "{IEEE} Transactions on Rehabilitation Engineering"}



optics, lightwave and photonics
@STRING{IEEE_J_PTL        = "{IEEE} Photonics Technology Letters"}
@STRING{IEEE_J_JLT        = "{IEEE/OSA} Journal of Lightwave Technology"}



physics, electrons, nanotechnology, nuclear and quantum electronics
@STRING{IEEE_J_EDL        = "{IEEE} Electron Device Letters"}
@STRING{IEEE_J_JQE        = "{IEEE} Journal of Quantum Electronics"}
@STRING{IEEE_J_JSTQE      = "{IEEE} Journal of Selected Topics in Quantum Electronics"}
@STRING{IEEE_J_ED         = "{IEEE} Transactions on Electron Devices"}
@STRING{IEEE_J_NANO       = "{IEEE} Transactions on Nanotechnology"}
@STRING{IEEE_J_NS         = "{IEEE} Transactions on Nuclear Science"}
@STRING{IEEE_J_PS         = "{IEEE} Transactions on Plasma Science"}



reliability
@STRING{IEEE_J_DMR        = "{IEEE} Transactions on Device and Materials Reliability"}
@STRING{IEEE_J_R          = "{IEEE} Transactions on Reliability"}



semiconductors, superconductors, electrochemical and solid state
@STRING{IEEE_J_ESSL       = "{IEEE/ECS} Electrochemical and Solid-State Letters"}
@STRING{IEEE_J_JSSC       = "{IEEE} Journal of Solid-State Circuits"}
@STRING{IEEE_J_ASC        = "{IEEE} Transactions on Applied Superconductivity"}
@STRING{IEEE_J_SM         = "{IEEE} Transactions on Semiconductor Manufacturing"}



sensors
@STRING{IEEE_J_SENSOR     = "{IEEE} Sensors Journal"}



VLSI
@STRING{IEEE_J_VLSI       = "{IEEE} Transactions on Very Large Scale Integration ({VLSI}) Systems"}






IEEE Magazines



@STRING{IEEE_M_AES        = "{IEEE} Aerospace and Electronics Systems Magazine"}
@STRING{IEEE_M_HIST       = "{IEEE} Annals of the History of Computing"}
@STRING{IEEE_M_AP         = "{IEEE} Antennas and Propagation Magazine"}
@STRING{IEEE_M_ASSP       = "{IEEE} {ASSP} Magazine"}
@STRING{IEEE_M_CD         = "{IEEE} Circuits and Devices Magazine"}
@STRING{IEEE_M_CAS        = "{IEEE} Circuits and Systems Magazine"}
@STRING{IEEE_M_COM        = "{IEEE} Communications Magazine"}
@STRING{IEEE_M_COMSOC     = "{IEEE} Communications Society Magazine"}
@STRING{IEEE_M_CIM        = "{IEEE} Computational Intelligence Magazine"}
CSEM changed to CSE in 1999
@STRING{IEEE_M_CSE        = "{IEEE} Computing in Science and Engineering"}
@STRING{IEEE_M_CSEM       = "{IEEE} Computational Science and Engineering Magazine"}
@STRING{IEEE_M_C          = "{IEEE} Computer"}
@STRING{IEEE_M_CAP        = "{IEEE} Computer Applications in Power"}
@STRING{IEEE_M_CGA        = "{IEEE} Computer Graphics and Applications"}
@STRING{IEEE_M_CONC       = "{IEEE} Concurrency"}
@STRING{IEEE_M_CS         = "{IEEE} Control Systems Magazine"}
@STRING{IEEE_M_DTC        = "{IEEE} Design and Test of Computers"}
@STRING{IEEE_M_EI         = "{IEEE} Electrical Insulation Magazine"}
@STRING{IEEE_M_ETR        = "{IEEE} ElectroTechnology Review"}
@STRING{IEEE_M_EMB        = "{IEEE} Engineering in Medicine and Biology Magazine"}
@STRING{IEEE_M_EMR        = "{IEEE} Engineering Management Review"}
@STRING{IEEE_M_EXP        = "{IEEE} Expert"}
@STRING{IEEE_M_IA         = "{IEEE} Industry Applications Magazine"}
@STRING{IEEE_M_IM         = "{IEEE} Instrumentation and Measurement Magazine"}
@STRING{IEEE_M_IS         = "{IEEE} Intelligent Systems"}
@STRING{IEEE_M_IC         = "{IEEE} Internet Computing"}
@STRING{IEEE_M_ITP        = "{IEEE} {IT} Professional"}
@STRING{IEEE_M_MICRO      = "{IEEE} Micro"}
@STRING{IEEE_M_MW         = "{IEEE} Microwave Magazine"}
@STRING{IEEE_M_MM         = "{IEEE} Multimedia"}
@STRING{IEEE_M_NET        = "{IEEE} Network"}
@STRING{IEEE_M_PCOM       = "{IEEE} Personal Communications Magazine"}
@STRING{IEEE_M_POT        = "{IEEE} Potentials"}
CAP and PER merged to form PE in 2003
@STRING{IEEE_M_PE         = "{IEEE} Power and Energy Magazine"}
@STRING{IEEE_M_PER        = "{IEEE} Power Engineering Review"}
@STRING{IEEE_M_PVC        = "{IEEE} Pervasive Computing"}
@STRING{IEEE_M_RA         = "{IEEE} Robotics and Automation Magazine"}
@STRING{IEEE_M_SAP        = "{IEEE} Security and Privacy"}
@STRING{IEEE_M_SP         = "{IEEE} Signal Processing Magazine"}
@STRING{IEEE_M_S          = "{IEEE} Software"}
@STRING{IEEE_M_SPECT      = "{IEEE} Spectrum"}
@STRING{IEEE_M_TS         = "{IEEE} Technology and Society Magazine"}
@STRING{IEEE_M_VT         = "{IEEE} Vehicular Technology Magazine"}
@STRING{IEEE_M_WC         = "{IEEE} Wireless Communications Magazine"}
@STRING{IEEE_M_TODAY      = "Today's Engineer"}






IEEE Online Publications 



@STRING{IEEE_O_CSTO        = "{IEEE} Communications Surveys and Tutorials"}
@STRING{IEEE_O_DSO         = "{IEEE} Distributed Systems Online"}





--
EOF
